<?xml version="1.0" encoding="UTF-8"?><collection xmlns="http://www.loc.gov/MARC21/slim"><record><leader>00299nam--2200121-i-4500</leader><controlfield tag="001">000046484</controlfield><controlfield tag="002">20161230</controlfield><controlfield tag="005">20161230201046</controlfield><controlfield tag="008">060222s1000------------r-----000-0-eng-d</controlfield><datafield ind1=" " ind2=" " tag="080"><subfield code="a">681.142-83</subfield></datafield><datafield ind1=" " ind2=" " tag="245"><subfield code="a">Vitorul industriei de programare</subfield></datafield><datafield ind1=" " ind2=" " tag="260"><subfield code="a">Bucuresti, Ed.Acad.Rsr, 1985. 192 P</subfield></datafield><datafield ind1=" " ind2=" " tag="852"><subfield code="a">79688</subfield></datafield></record></collection>